1734 2782
439 235 548 260 Lumo
573 235 612 260 11.
637 244 680 251 —
707 235 882 260 mus-rom
906 235 947 260 111
972 226 1085 271 (Am-1:
1110 227 1168 271 a).
1398 237 1444 270 43

183 311 402 362 Adspirate
431 318 472 352 et
501 312 640 352 adesse
669 311 802 352 choris
831 319 914 351 erat
945 312 1052 352 utilis
1085 319 1204 363 atque

184 371 372 411 Nondum
405 371 527 423 spissa
557 370 674 411 nimis
705 373 892 423 conplere
923 371 1060 411 sedilia
1093 373 1205 419 flatu,
1366 380 1447 420 205

183 429 277 480 Quo
307 443 402 470 sane
431 432 604 482 populus
632 430 901 479 numerabilis,
934 431 1074 481 utpb'te
1107 443 1266 481 parvus,

183 491 235 529 Et
264 488 366 541 frugi
395 497 606 541 castusque
637 490 966 541 verecundusque
1001 491 1149 530 coibat.

183 551 396 600 Postquam
427 549 560 599 coepit
593 563 706 600 agros
736 551 951 589 extendEre
984 549 1121 598 victor,
1149 556 1190 589 et
1222 550 1361 589 urbem

184 607 320 648 Latior
349 608 536 660 amplecti
568 621 715 658 murus,
748 609 923 660 vinoque
958 608 1104 647 diurno

187 822 434 867 simplexque
647 833 773 868 pauco
918 824 1110 860 foramine
1231 825 1320 860 erat
1346 824 1454 861 utilis

140 880 145 886 '
186 890 208 917 e
231 881 485 926 semplieeo)
604 891 681 918 eon
706 883 828 927 pochi
949 884 1084 925 buc-hi,
1259 884 1431 920 bastava

259 941 465 987 adspirare
642 943 774 978 choris
879 946 921 979 et
1158 943 1299 979 adesse

188 1011 215 1036 a
241 1003 345 1036 dare
371 1002 404 1035 il
431 1004 526 1037 tono
629 1003 674 1038 ai
698 1004 786 1038 cori
882 1011 903 1038 e
998 1003 1055 1039 ad
1072 1001 1458 1048 accompagmarui),

188 1065 310 1107 atque
467 1061 651 1107 conplere
952 1061 1050 1098 flatu
1306 1061 1445 1098 sedilia

226 1120 276 1155 ed
441 1130 469 1157 a
493 1120 689 1164 riempz're
819 1122 885 1157 del
913 1120 1015 1164 (suo)
1041 1130 1174 1156 suono
1293 1121 1310 1154 i
1336 1121 1459 1156 sedili

215 1179 387 1216 nondum
638 1180 754 1217 nimis
1015 1181 1153 1226 spissa,
1273 1182 1283 1195 ⁰
1380 1188 1456 1224 quo

189 1247 276 1274 non
300 1247 434 1274 ancor
623 1242 767 1283 troppo
983 1240 1179 1284 affollati,
1358 1239 1459 1273 dove

261 1296 392 1333 coibat
623 1298 793 1343 populus
1086 1297 1341 1334 numerabilis

191 1357 456 1393 radunavasi
585 1366 647 1392 tm
669 1359 817 1401 popolo
951 1358 1024 1393 che
1046 1359 1085 1393 si
1102 1360 1252 1402 poteva
1279 1366 1460 1392 noverar

191 1425 299 1460 sane,
553 1417 690 1462 utpote
1309 1425 1459 1461 parvus

194 1474 306 1515 bene,
488 1484 599 1511 come
625 1477 761 1521 quello
934 1474 1021 1519 (che
1046 1475 1134 1517 era)
1297 1476 1459 1519 pineolo

640 1535 682 1571 et
919 1534 1026 1579 frugi
1249 1536 1460 1579 castusque

193 1591 252 1636 (=
276 1592 435 1634 searso)
648 1603 668 1630 e
881 1595 1051 1637 fruyale
1285 1601 1306 1628 e
1331 1596 1443 1629 casto

198 1652 535 1698 verecundusque.
819 1653 1034 1699 Postquam

218 1718 239 1746 e
263 1712 491 1755 rispeaeeoso.
611 1710 709 1755 (Ma)
821 1709 998 1757 dopoehe
1117 1713 1273 1757 (questo
1292 1712 1457 1756 popolo)

231 1770 362 1806 vietor
423 1784 426 1787 ·
612 1772 744 1817 coepit
942 1771 1161 1808 extendere

195 1830 395 1865 vineitore
410 1828 459 1874 (2)
555 1829 808 1867 incomincio
903 1831 958 1865 ad
984 1831 1195 1866 estendere
1302 1829 1331 1873 (i
1355 1830 1464 1874 suoi)

195 1897 325 1934 agros,
1010 1893 1051 1926 et
1299 1899 1438 1925 murus

194 1950 332 1993 campi
522 1949 583 1993 (---
607 1950 809 1994 dominii),
1016 1959 1037 1986 e
1253 1959 1315 1984 un
1341 1960 1463 1986 muro

255 2008 377 2045 latior
966 2008 1152 2054 amplecti
1299 2009 1449 2052 urbem,

191 2064 271 2111 piio
296 2068 435 2112 ampio
530 2066 810 2111 (incomineio)
906 2078 933 2103 α
951 2069 1198 2104 circondare
1283 2070 1325 2104 la
1342 2068 1455 2109 eicta‘,

268 2272 314 2307 (1)
333 2284 364 2296 ==
385 2281 445 2300 nou
466 2275 626 2308 composto
645 2273 675 2300 di
694 2274 761 2300 vari
781 2273 877 2308 pezziq
895 2280 985 2301 come
1003 2281 1067 2303 ora.
1090 2287 1117 2294 —
1145 2274 1190 2310 (2)
1221 2276 1261 2303 Se
1286 2275 1394 2305 Orazio
1421 2277 1461 2304 ha

196 2319 303 2354 voluto
323 2319 463 2347 alludere
485 2319 514 2346 ai
533 2318 634 2354 Greci,
651 2320 676 2346 si
697 2321 774 2348 deve
793 2320 972 2349 intendere:
994 2321 1076 2349 nelle
1100 2329 1213 2356 guerre
1242 2325 1400 2357 pei-sinum
1429 2331 1463 2350 se

197 2367 227 2394 ni
247 2367 400 2401 Romani:
421 2367 504 2395 nelle
516 2374 630 2402 guerre
646 2367 790 2401 punicus.
800 2368 871 2396 Coei
885 2369 906 2396 il
921 2371 1070 2402 seguente
1085 2371 1199 2396 urbem
1214 2370 1275 2404 pub
1288 2370 1463 2405 significare

196 2414 296 2442 Atene
306 2422 324 2442 o
340 2414 450 2442 Roma.
460 2414 572 2442 Ale-uni
590 2415 831 2442 commentatori
846 2416 957 2443 dicono
971 2415 1027 2443 che
1036 2415 1145 2445 Orazio
1159 2424 1217 2444 usa
1229 2424 1247 2444 a
1263 2417 1344 2445 bello
1358 2417 1463 2445 studio

200 2462 392 2496 capressioni
410 2462 653 2491 indeterminato
675 2471 730 2497 pei·
749 2463 890 2492 alludere
910 2466 994 2491 tanto
1015 2464 1075 2499 agli
1096 2464 1150 2492 uni
1170 2464 1225 2493 che
1245 2465 1305 2500 agli
1326 2465 1408 2494 altri.

1555 836 1710 851 Ἢ
