1734 2782
0 1571 10 1582 ·
0 1536 21 1548 'J
0 1419 18 1527 raet-⁷:
0 1390 20 1406 ,τ
0 1325 19 1382 „⁴·*-

446 242 554 267 uano
579 242 617 267 ιι.
643 250 688 258 -
714 241 891 266 εΡιετοιΑ
917 241 957 264 ιιι
983 231 1098 274 (ARTE
1122 230 1183 274 P.).
1408 238 1454 272 39

187 321 271 360 Aut
299 318 426 369 agitur
455 330 518 357 res
549 317 591 357 in
622 316 775 356 scaenis
805 323 873 356 aut
902 324 991 355 acta
1021 316 1202 356 refertur.

187 376 353 430 Segnius
383 376 550 417 inritant
578 376 734 416 animos
767 375 938 416 demissa
968 388 1038 427 per
1068 387 1207 414 aurem
1372 375 1452 413 180

187 438 318 488 Quam
349 449 454 487 quae
484 442 578 476 sunt
608 435 734 476 ociilis
763 435 943 475 subiecta
974 434 1160 473 fidelibus
1192 439 1232 472 et
1263 445 1367 484 quae

185 498 278 547 Ipse
308 495 383 536 sibi
413 494 532 534 tradit
561 499 787 547 specte-{tom
834 508 915 535 non
947 501 1080 533 tamen
1110 491 1218 532 intus

187 555 320 607 Digna
349 553 431 606 geri
461 567 621 606 promes
650 554 693 593 in
724 567 922 602 scaenam,
956 554 1159 603 multaque
1190 552 1305 591 tolles

187 616 247 654 Ex
277 614 417 663 ocfflis,
450 626 553 664 quae
584 626 678 653 mox
708 620 840 653 narret
870 612 1057 652 facundia
1087 623 1287 662 praesens.

192 839 255 867 vo.
313 836 385 912 ff
507 831 583 867 Res
773 830 844 867 aut
1012 828 1145 874 agitur
1384 829 1424 862 in

190 887 270 926 etd.
451 890 510 924 Un
535 889 642 931 fatto
788 899 811 925 ο
970 889 1025 924 ha
1051 889 1174 932 luoyo
1345 887 1458 922 sulla

191 950 343 986 scaenis
451 950 522 985 aut
902 949 993 983 acta

190 1016 329 1048 scena,
466 1017 504 1049 o,
636 1008 737 1052 dopo
763 1007 836 1043 che
860 1003 881 1044 ἑ
904 1005 1005 1051 (yid)
1029 1007 1245 1046 aeeaduw,
1387 1002 1461 1048 (vi)

231 1066 417 1104 refertur.
636 1069 641 1074 '
844 1066 1019 1102 Demissa
1386 1073 1460 1110 per

190 1127 228 1161 si
252 1130 462 1164 raeconta.
610 1126 667 1161 Le
693 1133 781 1162 cose
805 1125 877 1161 che
901 1127 938 1160 si
961 1126 1151 1160 manaan
1174 1122 1252 1167 9ίὼ
1386 1132 1461 1168 per

237 1195 375 1222 aurem
919 1185 1087 1220 inritant
1112 1184 1263 1220 animos

193 1245 221 1278 2⁹
236 1245 434 1285 orec-chio,
729 1245 864 1286 fanno
889 1241 1161 1287 impressione
1186 1242 1299 1285 sumi
1323 1243 1460 1278 animi

890 1303 1048 1348 segnius
1340 1310 1460 1346 quam

194 1362 253 1406 (=
277 1361 375 1398 sull'
392 1364 547 1407 animo)
788 1359 868 1407 pia
895 1362 1146 1398 debolmente
1384 1362 1426 1395 di

256 1431 355 1467 quae
565 1423 658 1458 sunt
858 1421 1036 1458 subiecta
1290 1419 1413 1456 oculis

192 1482 330 1526 quelle
355 1481 426 1517 che
571 1490 648 1516 son
820 1483 937 1524 poste
961 1483 1064 1515 sotto
1232 1479 1321 1524 ayla·
1346 1479 1462 1516 oeehz‘

194 1538 375 1576 fidelibus
551 1542 593 1576 et
710 1548 810 1585 quae
978 1539 1183 1583 spectator
1353 1539 1437 1584 ipse

214 1597 339 1639 fedeli
354 1597 405 1642 (l)
548 1607 569 1633 e
725 1599 796 1634 che
925 1600 963 1633 lo
988 1600 1210 1643 spettatore
1335 1601 1461 1634 stesso

239 1657 364 1693 tradit
578 1658 670 1702 sibi;
697 1657 745 1701 (2)
854 1662 987 1693 tamen
1384 1667 1460 1693 non

194 1718 410 1751 trasmette
554 1725 581 1752 a
604 1714 645 1752 se
662 1729 676 1761 ,-
837 1717 1020 1752 tuctavia
1165 1715 1239 1758 (tu)
1374 1725 1461 1751 non

268 1783 428 1825 promes
617 1774 655 1811 in
747 1785 930 1811 scaenam
1170 1774 1289 1819 digna

200 1835 365 1869 trarrai
388 1835 508 1877 fuori
579 1836 694 1871 sulla
769 1843 894 1870 scena
983 1836 1020 1870 le
1045 1843 1135 1870 cose
1159 1834 1230 1869 che
1254 1835 1462 1870 meritam

314 1892 398 1938 geri
675 1893 793 1937 intus,
806 1893 856 1936 (3)
999 1893 1193 1938 tollesque
1385 1902 1438 1929 ex

193 1952 238 1986 di
263 1960 372 1987 esser
396 1951 504 1994 fatte
625 1953 669 1987 di
692 1953 854 1993 denero,
973 1961 993 1987 e
1021 1951 1210 1996 toylierai
1346 1953 1463 1997 daqli

190 2010 323 2047 'oeulis
553 2010 693 2055 multa,
922 2021 1021 2056 quae
1247 2009 1431 2047 facundia

192 2071 308 2106 ocche·
483 2072 606 2106 molta
630 2067 732 2113 cose,
931 2072 1006 2106 che
1188 2072 1216 2105 Ζ·
1226 2073 1459 2117 eloquenza

376 2138 566 2174 praesens
923 2131 1061 2166 narret
1290 2140 1394 2167 mox,
1407 2130 1462 2174 (4)

197 2187 301 2222 d'wn
326 2189 556 2223 testimonio
581 2189 750 2224 oculare
823 2189 953 2224 dovra
973 2197 1158 2225 ‘narrare
1226 2198 1327 2233 poco
1348 2191 1463 2233 dopo.

263 2368 309 2402 (1)
330 2381 362 2392 =
378 2377 397 2398 a
418 2371 469 2398 cui
490 2370 663 2405 prestiamo
682 2370 887 2399 interamenta
908 2372 975 2399 fede
995 2371 1065 2406 (pin
1084 2372 1141 2399 che
1160 2372 1219 2400 alle
1238 2372 1406 2406 orenchie).
1428 2386 1464 2391 —

196 2414 241 2449 (2)
260 2428 292 2439 =
310 2424 329 2444 a
343 2418 394 2446 eui
409 2418 438 2446 lo
451 2421 618 2452 spettatore
631 2419 745 2446 assiste
764 2418 994 2447 direttamente.
1018 2433 1044 2440 -
1067 2418 1111 2455 (3)
1125 2432 1153 2443 =
1171 2420 1250 2448 fuori
1266 2420 1347 2448 della
1361 2428 1466 2449 scena.

199 2474 227 2483 -
249 2462 294 2498 (4)
311 2465 392 2492 Poco
411 2465 491 2499 dopo
509 2465 567 2494 che
584 2472 722 2494 sax-anno
740 2466 890 2494 accadute
911 2467 1130 2495 nell’interno.
