1734 2782
461 225 571 251 muno
595 225 634 252 11.
661 234 704 242 —
730 224 907 251 ulsrou
931 225 974 249 111
999 217 1113 260 (ARTE
1137 214 1197 260 a).
1419 215 1460 248 61

190 306 404 355 Verbaque
433 306 633 355 provisam
663 315 748 342 rem
778 314 863 342 non
893 301 1018 342 invita
1050 308 1281 352 sequentur.

190 364 271 414 Qui
301 361 453 412 didicit,
486 361 637 413 patriae
667 361 764 413 quid
794 361 941 402 debeat
971 369 1011 401 et
1042 361 1142 413 quid
1173 360 1322 408 amicis,

190 425 283 474 Quo
314 422 363 463 sit
391 435 528 462 amore
557 435 713 474 parens,
737 433 819 472 quo
849 422 970 462 frater
1002 421 1199 460 amandus
1229 428 1270 461 et
1299 422 1456 472 hospes,

191 483 314 533 Quod
342 481 392 521 sit
420 479 652 533 conscripti,
686 481 798 532 quod
828 480 972 521 iudicis
1002 480 1191 528 officium,
1225 493 1327 532 quae

192 545 328 582 Partes
358 541 400 581 in
431 542 581 582 bellum
611 539 718 581 missi
751 539 890 580 ducis:
942 540 1008 580 ille
1038 541 1218 592 profecto
1379 550 1459 590 315

194 601 380 642 Reddte‘re
409 605 604 653 perSBnae
637 599 710 640 scit
739 598 1020 641 convenientia
1050 599 1210 651 cuique.

191 660 407 712 Respiczre
438 661 638 711 exemplar
671 659 777 700 vitae
806 671 1043 711 morumque
1073 659 1221 700 iubebo

196 722 371 761 Doctum
402 719 639 760 imitat6rem
672 727 711 760 et
740 718 850 759 vivas
881 719 978 759 hinc
1008 719 1155 760 duecte
1185 731 1317 759 voceS.

219 965 420 1010 verbaque
644 963 858 1008 sequentur
1053 972 1129 997 non
1301 960 1428 996 invita

195 1034 216 1061 e
242 1026 278 1060 le
296 1025 444 1068 parole
566 1026 770 1060 terranno
796 1023 927 1058 dietro
1041 1030 1128 1057 non
1248 1021 1469 1056 riluttanti

303 1093 389 1120 rem
745 1082 961 1128 provisam.
1325 1080 1397 1122 Qui

198 1145 287 1180 alla
311 1146 491 1179 materia
636 1143 774 1186 prima
794 1142 1075 1185 proeaeciata.
1251 1140 1369 1176 colui
1395 1139 1467 1175 che

229 1207 234 1208 ⁷
268 1203 418 1247 didicit,
632 1201 726 1246 quid
918 1200 1062 1236 debeat
1262 1199 1418 1244 patriae

196 1262 252 1298 ha
276 1262 485 1307 imparato
581 1261 653 1296 che
679 1269 774 1296 cosa
870 1261 950 1304 eyli
976 1259 1106 1295 debba
1213 1259 1302 1294 alla
1323 1259 1470 1304 patria

196 1323 239 1358 et
457 1321 550 1366 quid
862 1319 1012 1361 amicis,
1340 1327 1417 1363 quo

197 1391 218 1418 e
409 1382 480 1417 che
505 1389 600 1416 cosa
809 1379 898 1423 αρῑὶ
923 1380 1060 1418 amici,
1272 1378 1316 1412 di
1341 1379 1465 1423 quale

198 1450 333 1478 amore
620 1448 764 1485 parens
1108 1439 1161 1475 sit
1191 1437 1395 1481 amandus,

197 1509 338 1536 amore
544 1508 607 1534 un
629 1499 819 1542 qenitore
1024 1498 1152 1534 debba
1178 1506 1287 1534 esser
1311 1499 1469 1538 amato,

257 1569 334 1605 quo
635 1557 762 1594 frater
1012 1558 1051 1594 et
1277 1557 1432 1602 hospes,

199 1620 243 1654 di
266 1621 391 1665 quale
558 1626 620 1652 un
643 1617 814 1661 fratello
1004 1618 1052 1653 ed
1241 1625 1303 1651 un
1328 1617 1471 1660 ospite,

199 1678 302 1725 quod
493 1677 545 1714 sit
751 1676 922 1712 officium
1198 1676 1424 1721 conscripti,

200 1739 303 1784 qual
483 1739 549 1772 sia
731 1737 765 1771 il
790 1737 936 1772 dovere
1128 1737 1166 1771 α’
1179 1745 1239 1771 un
1266 1738 1469 1775 senatore,

213 1797 316 1843 quod
925 1793 1078 1836 iudicis,
1370 1803 1472 1838 quae

201 1857 328 1902 quale
492 1854 660 1900 (quello)
844 1855 882 1890 α’
899 1863 962 1889 un
982 1855 1165 1899 giudice,
1356 1852 1476 1897 quali

283 1916 424 1962 partes
617 1945 622 1947 .
828 1914 941 1950 ducis
1318 1913 1428 1948 missi

198 1972 261 2020 ,qli
285 1975 495 2011 incar-ioht·
686 2012 690 2015 ,
714 1974 752 2009 α’
769 1981 832 2008 un
857 1974 1056 2018 capitano
1273 1972 1473 2008 mandato

224 2037 264 2072 in
436 2033 580 2070 bellum
593 2046 602 2070 ε
799 2032 867 2068 ille
1027 2032 1104 2068 scit.
1268 2031 1447 2077 profecto

203 2097 294 2131 alla
424 2102 585 2138 querra
598 2101 609 2125 .·
754 2092 894 2137 queqli
1029 2099 1080 2127 sa
1221 2092 1475 2127 certamence

202 2154 371 2191 reddere
696 2151 836 2197 cuique
1239 2159 1434 2196 personae

226 2213 329 2250 dare
651 2220 676 2245 α
703 2211 878 2247 ciascun
1163 2222 1169 2228 ·
1192 2210 1472 2254 personayyio

322 2271 612 2309 convenientia.
1245 2268 1384 2304 iubebo

203 2333 220 2367 i
244 2333 446 2368 caratteri
472 2330 746 2367 convenienti.
835 2363 838 2366 .
1156 2329 1194 2364 Ιο
1221 2326 1473 2371 consumier&

260 2391 505 2428 imitatorem
1313 2387 1472 2423 doctum

205 2452 260 2486 ad
283 2459 345 2487 ψη
369 2450 556 2488 imitator
791 2447 850 2491 (ai
873 2446 1094 2491 caratteri)
1334 2447 1440 2483 abile
