1734 2782
446 250 556 277 muno
580 250 619 276 11.
644 260 687 267 —
713 250 892 276 :ms-mu
915 249 957 274 m
980 240 1094 284 (ARTE
1117 241 1175 283 ιι).
1409 239 1453 281 67

187 332 289 372 Sunt
318 328 462 370 delicta
487 336 634 378 tamen,
667 327 812 380 quibus
843 327 1041 380 ignovisse
1071 327 1259 367 velimus:

187 392 291 431 Nam
322 401 452 440 neque
484 389 634 429 chorda
665 400 810 429 sonum
846 386 989 436 reddit,
1022 400 1142 438 quem
1185 387 1271 426 vult
1310 395 1453 424 manus

1242 444 1296 499 [et
1328 457 1453 493 mem,

188 506 450 560 Poscentique
480 520 639 559 gravem
672 520 860 558 persaepe
894 505 1055 546 remittit
1085 512 1260 553 acutum,

189 571 278 609 Nec
308 580 463 617 semper
493 566 607 607 feriet
636 567 919 618 quodcumque
953 565 1181 613 minabitur,
1206 577 1330 604 arcus.
1369 577 1452 615 350

189 630 340 668 Verum
371 626 439 667 ubi
469 628 582 678 plura
614 626 743 666 nitent
772 625 813 665 in
845 625 1034 674 carmine,
1068 638 1151 665 non
1183 637 1260 676 ego
1289 622 1427 676 paucis

189 687 386 728 Offendar
414 685 590 734 maculis,
624 698 725 738 quas
756 692 823 725 aut
853 684 1007 726 incuria
1036 683 1139 724 fudit

321 959 415 996 noto
676 957 872 1003 scriptori.
1039 957 1138 993 Sunt
1305 955 1440 992 tamen

193 1021 238 1056 al
262 1018 363 1064 (suo)
390 1019 542 1056 celebre
685 1020 844 1053 autore.
1008 1017 1053 1051 Vi
1076 1025 1151 1051 son
1273 1015 1455 1051 tutcavia

217 1078 376 1121 delicta,
645 1076 785 1123 quibus
1098 1077 1101 1078 ’
1171 1074 1340 1111 velimus

195 1139 262 1174 dei
284 1138 396 1181 falli,
613 1138 658 1172 ai
682 1137 801 1182 quali
1029 1143 1234 1170 sar-emmo
1261 1135 1460 1172 inclinati

229 1197 427 1242 ignovisse
441 1207 449 1232 ε
467 1196 517 1239 (1)
645 1205 736 1231 nam
927 1203 1054 1240 neque
1263 1193 1413 1231 chorda

194 1265 221 1292 a
240 1257 499 1301 perdonare:
616 1252 762 1298 poiche}
898 1262 1084 1298 neppure
1216 1262 1304 1288 una
1330 1255 1460 1291 corda

193 1315 324 1352 reddit
1070 1323 1221 1356 sonum,
1342 1324 1458 1359 quem

194 1375 325 1411 rende
490 1372 675 1421 (sempre)
796 1372 920 1418 (quel)
1074 1382 1214 1412 suono,
1371 1373 1444 1409 che

219 1443 361 1470 manus
572 1432 614 1468 et
886 1440 996 1467 mens
1312 1431 1412 1476 vult,

195 1495 238 1529 la
263 1501 390 1529 mano
469 1504 472 1508 ¹
581 1486 605 1527 e*
791 1489 816 1524 l'
834 1492 1076 1527 intenzione
1254 1492 1453 1532 vorrebbe,

208 1550 456 1597 remittitque
623 1560 815 1597 persaepe
985 1552 1142 1587 acutum
1382 1561 1455 1597 po-

192 1618 212 1645 e
239 1609 308 1654 (lo)
334 1612 478 1646 emette
597 1610 852 1653 spessissimo
996 1613 1120 1646 acuto
1273 1619 1300 1646 a
1325 1610 1393 1646 ehi
1418 1611 1458 1644 lo

195 1670 322 1706 acenti
572 1678 748 1714 gravem,
759 1708 763 1712 ,
989 1679 1061 1705 nec
1328 1679 1448 1706 arcus

197 1730 408 1765 domanda
588 1737 728 1773 9rave,
822 1766 827 1771 ,
914 1738 934 1764 e
959 1738 1124 1774 neppur
1316 1731 1342 1765 l'
1361 1739 1460 1765 arco

198 1789 316 1824 feriet
459 1797 616 1833 semper
743 1788 1017 1833 quodcumque
1168 1788 1396 1826 minabitur.
1409 1787 1460 1832 (2)

193 1845 332 1891 feriret
451 1854 610 1891 sempre
731 1850 836 1883 tutto
861 1845 924 1883 οἱὸ
949 1847 1020 1883 che
1143 1845 1411 1884 minaecierd.

200 1908 346 1943 Verum
526 1906 590 1942 ubi
1075 1906 1191 1952 plura

234 1968 302 2002 Ma
470 1967 639 2011 quando
800 1976 861 2002 un
887 1967 1079 2010 maoyior
1104 1975 1278 2004 numero
1302 1967 1346 2002 di
1370 1974 1462 2003 cose

269 2026 397 2062 nitent
718 2026 758 2061 in
997 2027 1184 2068 carmine,
1386 2035 1460 2071 ego

196 2084 528 2130 risplendonoffl)
718 2085 765 2119 in
955 2093 1045 2120 una
1063 2086 1223 2129 poesia,
1405 2087 1445 2120 io

198 2155 277 2181 non
509 2143 689 2180 offender
954 2145 1091 2189 paucis
1287 2144 1464 2187 maculis,

197 2213 282 2240 non
422 2202 519 2240 εανὸ
544 2203 775 2246 disoustato
922 2205 977 2240 αα
999 2203 1126 2247 poche
1265 2204 1460 2247 macc-hie,

270 2431 315 2466 (1)
334 2432 471 2460 Pei-[etto
488 2431 644 2460 aoristieo.
656 2444 682 2452 -
706 2430 751 2466 (2)
770 2432 863 2461 Sotm
886 2434 997 2467 ferire.
1019 2447 1046 2453 —
1069 2431 1114 2467 (3)
1134 2444 1168 2456 =
1188 2441 1243 2462 son
1272 2434 1326 2469 piu
1345 2434 1353 2462 i
1375 2434 1462 2470 pragi

199 2478 256 2506 che
275 2479 286 2507 i
306 2478 418 2508 diretti.
